2858 4762
652 1661 798 1743 CAPUT¹
825 1663 869 1733 lll

515 2039 629 2086 Muclus
648 2040 800 2086 TERlleUS
824 2040 879 2086 EST
903 2039 1000 2085 CAUSA

265 2291 495 2376 Syllogismu5‚
512 2316 588 2358 cum
601 2297 768 2378 perlectus
784 2296 827 2364 sit
840 2292 1057 2356 ratiocinandi
1077 2290 1208 2365 moduS,
1229 2310 1296 2351 non

224 2412 332 2489 potest
351 2430 416 2471 non
437 2432 509 2472 esse
528 2412 712 2494 perlectum
732 2411 877 2472 scientiae
896 2410 1163 2470 instrumentum.
1185 2408 1294 2484 Quam

226 2530 335 2586 autem
369 2527 540 2587 scientiam
571 2546 642 2587 esse
667 2525 829 2587 dicimus?
856 2524 1026 2606 Quidquid
1054 2524 1210 2586 certiores
1234 2541 1297 2582 nos

227 2640 306 2700 lacit
334 2640 501 2721 quomodo
528 2645 561 2702 et
587 2661 646 2701 cur
672 2661 724 2702 ros
748 2646 824 2701 nata
851 2641 905 2714 sit,
931 2641 1001 2702 haec
1023 2641 1069 2702 rei
1094 2645 1144 2702 est
1166 2657 1267 2700 causa
1291 2658 1297 2699 :

227 2753 349 2816 nullius
370 2754 415 2816 rei
436 2775 571 2837 prorsus
586 2756 758 2818 scientiam
777 2756 937 2818 habemus
957 2756 1054 2837 cujus
1074 2776 1139 2817 non
1160 2773 1298 2816 causam

227 2874 398 2932 teneamus
409 2871 433 2945 1;
446 2891 522 2932 vere
539 2871 634 2949 scire,
645 2879 682 2934 ut
697 2873 822 2955 primus
837 2872 918 2934 dixit
931 2871 1135 2944 Aristoteles
1147 2875 1197 2931 est
1212 2869 1299 2931 scire

226 3004 284 3066 per
297 3006 430 3062 causas;
447 3008 523 3049 nam
543 2989 669 3070 absque
689 3009 789 3051 causa
810 3009 875 3050 non
894 3009 1008 3050 verum
1029 2985 1298 3068 cognoscimus².

227 3101 391 3178 Quoniam
410 3103 512 3186 igitur
531 3104 742 3187 syllogismus
757 3104 864 3166 medio
881 3103 1020 3165 termino
1045 3102 1140 3184 quasi
1165 3100 1300 3163 cardine

227 3217 340 3290 utitur,
373 3219 533 3293 eamdem,
557 3226 594 3282 ut
624 3220 835 3302 syllogismus
868 3219 1013 3281 scientiae
1037 3217 1203 3299 particeps
1225 3216 1297 3292 ilat,

227 3338 357 3413 oportet
376 3352 447 3394 esse
466 3333 619 3397 virtutem
646 3336 679 3396 in
703 3334 810 3397 medio
830 3334 970 3396 termino
994 3339 1093 3413 atque
1122 3332 1155 3393 in
1183 3353 1298 3396 causa.

229 3446 323 3510 Unde
352 3447 415 3510 hoo
441 3449 535 3529 quasi
564 3449 710 3512 solemne
725 3450 860 3512 verbum
885 3469 943 3531 per
967 3447 1055 3530 quod
1080 3455 1113 3510 et
1133 3447 1242 3530 logica
1267 3456 1301 3511 et

228 3563 451 3646 metaphysica
467 3564 616 3626 doctrina
637 3566 722 3627 inter
742 3587 777 3627 se
798 3566 842 3626 ita
858 3564 1120 3646 conjunguntur,
1145 3571 1183 3626 ut
1197 3565 1301 3627 altera

230 3699 337 3741 rerum
371 3687 489 3743 natura
524 3679 719 3756 stabiliatur,
756 3683 857 3743 altera
885 3680 1010 3742 ratione
1049 3681 1252 3743 illuminetur
1290 3703 1297 3744 :

227 3804 258 3856 τὸ
280 3795 327 3876 μὲν
347 3798 398 3882 pap
419 3800 505 3859 αἴτιον
525 3799 557 3857 τὸ
577 3800 661 3877 μέσον
676 3799 697 3856 ³.
725 3796 947 3874 Quamobrem
966 3803 1004 3860 ut
1027 3795 1207 3880 syllogismi
1231 3797 1299 3858 vim

259 3992 417 4055 1.Phys.,l,
437 3999 459 4056 1,
473 3997 517 4044 184
534 4008 549 4044 a
563 3998 605 4054 123
619 3995 653 4044 M.
665 3995 697 4043 Α.
712 3998 735 4057 3,
750 3995 822 4045 9831)
835 3997 874 4043 25.

257 4067 280 4112 2.
296 4065 330 4112 M.
344 4083 359 4114 α
375 4067 419 4113 993
433 4066 450 4114 b
466 4069 504 4115 23.

257 4139 280 4184 3.
296 4135 388 4194 llaeln„
404 4135 434 4197 11,
449 4139 472 4196 2,
487 4140 516 4188 90
531 4152 547 4186 a
561 4142 585 4187 6.
