2858 4762
610 1675 756 1749 CAPUT
787 1675 862 1747 Vlll

658 2055 824 2102 CONCLUSIO

247 2322 312 2402 Qui
331 2321 546 2407 philosophiae
564 2321 735 2384 historiam
755 2321 899 2383 seribere
918 2321 1039 2395 studet,
1057 2321 1185 2383 irritum
1205 2325 1279 2383 ten-

208 2445 292 2502 taret
310 2459 404 2523 opus,
421 2440 448 2502 si
465 2437 645 2520 insignium
662 2437 934 2519 philosophorum
956 2437 1127 2518 opiniones
1148 2443 1280 2499 tentum

208 2555 377 2638 colligeret
402 2561 435 2618 et
461 2552 708 2626 transcriberet3
733 2551 790 2613 sed
817 2552 983 2633 quomodo
1010 2553 1172 2636 cujusque
1200 2552 1280 2615 doe-

211 2671 306 2733 trinae
335 2670 470 2732 diversae
502 2673 611 2750 partes
642 2666 728 2729 inter
759 2687 794 2729 se
826 2674 1082 2745 connectantur,
1112 2669 1210 2731 etiarn
1244 2689 1280 2731 se

208 2787 347 2848 invieem
383 2783 568 2866 genuerint,
594 2782 641 2845 sio
670 2782 852 2866 intelligere
882 2784 1056 2847 conabitur
1081 2790 1117 2846 ut
1142 2785 1280 2847 intimus

210 2901 330 2964 mentis
346 2899 440 2962 labor
448 2899 643 2983 perspicuus
657 2898 726 2962 fiet.
737 2899 787 2960 Ad
803 2899 889 2961 hane
904 2921 972 2962 rein
987 2901 1129 2984 primurn
1139 2905 1189 2962 est
1201 2919 1280 2962 eon-

212 3016 422 3080 siderandum
446 3015 524 3097 quid
548 3014 765 3099 philosophus
788 3015 857 3098 ipse
878 3015 918 3078 de
941 3037 1018 3078 vero
1040 3023 1073 3078 et
1096 3016 1136 3079 de
1160 3017 1280 3078 mentis

210 3138 372 3216 potestate
384 3133 424 3195 ad
440 3153 553 3195 verum
568 3131 822 3213 assequendum,
839 3131 879 3193 de
898 3131 1064 3207 methodo,
1082 3138 1118 3193 ut
1137 3131 1280 3195 breviter

212 3248 331 3324 dicam,
345 3248 520 3310 censuerit.
538 3249 566 3309 Α
585 3246 740 3310 methodo
760 3247 846 3309 enim
866 3248 972 3310 omnis
992 3247 1173 3330 diseiplinae
1191 3269 1281 3312 oom-

210 3364 329 3445 positio
351 3362 481 3445 pendet.
503 3361 563 3424 Sed
583 3362 775 3445 plerumque
794 3363 880 3425 idern
899 3362 1115 3445 philosophus
1135 3365 1192 3447 qui
1214 3365 1281 3426 sin·

213 3480 309 3563 gulas
325 3478 503 3541 sententias
521 3483 609 3540 certa
626 3479 769 3560 quadam
789 3479 914 3542 ratione
931 3479 1144 3557 demonstrat,
1162 3501 1228 3543 non
1248 3482 1281 3543 in

213 3596 268 3658 illa
284 3595 410 3658 ratione
426 3594 490 3656 vim
508 3613 580 3656 esse
598 3593 843 3657 demonstrandi
863 3595 1080 3671 demonstrat;
1096 3596 1184 3679 qnod
1203 3617 1282 3661 vero

214 3711 372 3793 postulat,
393 3714 425 3771 et
444 3729 530 3791 saepe
554 3729 588 3770 se
607 3710 772 3791 postulare
796 3710 937 3792 ignorat,
959 3711 1022 3774 hoe
1041 3712 1211 3796 interpreti
1232 3719 1283 3775 est

216 3825 467 3888 instaurandum
499 3831 533 3888 et
559 3824 808 3907 explicandum
837 3826 926 3907 quod
953 3828 981 3889 si
1011 3828 1145 3905 tenebit,
1174 3829 1281 3911 legem

219 3940 353 4003 habebit
391 3941 573 4004 seeundum
611 3962 710 4024 quam
749 3942 856 4004 omnis
891 3942 1062 4027 disciplina
1097 3945 1280 4028 composita

212 4057 283 4120 suit.
