2858 4762
645 1633 793 1739 aaron
821 1635 883 1706 vu

390 1968 455 2010 Nun
477 1966 591 2012 Muclus
614 1966 765 2011 inanimus
785 1965 831 2010 SIT
849 1965 940 2024 ulnis,
967 1965 1132 2020 QUAERITUR

265 2197 395 2271 Forma,
418 2215 494 2258 cum
519 2195 671 2257 absoluto
696 2194 737 2257 sit
762 2215 862 2257 causa
888 2193 1056 2276 (namqui
1079 2193 1158 2275 quid
1178 2213 1229 2255 res
1251 2193 1295 2255 sit

228 2311 412 2394 cognoscit,
439 2310 537 2373 simul
567 2331 627 2374 cur
653 2310 696 2372 sit
720 2310 822 2392 tenet)
847 2330 912 2371 non
941 2315 1050 2371 tamen
1076 2309 1191 2371 ultima
1220 2328 1293 2371 esse

224 2447 325 2490 causa
351 2433 471 2509 potest.
496 2426 688 2488 Aristoteles
713 2426 798 2486 enim
825 2446 891 2487 non
915 2426 1022 2488 solum
1051 2426 1084 2488 id
1111 2447 1178 2508 quo
1200 2425 1295 2488 Plato

224 2549 402 2605 contentus
430 2547 510 2616 erat,
545 2540 671 2602 scilicet
698 2560 763 2622 qua
796 2541 922 2603 ratione
954 2562 1006 2604 res
1038 2540 1293 2624 intelligantur,

224 2658 353 2740 quaerit,
371 2656 428 2718 sed
443 2655 542 2717 etiam
558 2660 591 2716 et
603 2655 768 2737 praecipue
783 2675 848 2738 qua
865 2656 992 2741 ratione
1010 2662 1112 2741 agant
1126 2662 1158 2718 et
1172 2677 1208 2719 se
1222 2677 1295 2740 per-

223 2778 321 2854 petua
348 2771 530 2833 mutatione
556 2776 695 2833 mutent.
722 2771 870 2834 Platonis
898 2772 979 2835 ideae
1007 2772 1041 2834 in
1071 2772 1153 2835 coelo
1175 2771 1297 2834 inertes

224 2894 324 2970 atque
350 2886 484 2949 inutiles
512 2893 646 2949 manent
670 2892 696 2963 1;
724 2888 837 2950 formae
867 2888 1019 2951 movendi
1048 2892 1147 2971 atque
1173 2887 1295 2971 agendi

223 3024 332 3066 causae
352 3003 472 3066 debent
491 3023 575 3078 csse,
591 3003 674 3065 adeo
695 3010 733 3066 ut
752 3024 826 3086 quae
845 3004 1012 3081 formales,
1028 3004 1142 3067 finales
1161 3024 1296 3086 quoque

223 3118 288 3180 (lici
303 3121 441 3201 possint.
454 3121 539 3181 Nam
553 3119 705 3202 quamvis
715 3120 871 3202 temporis
886 3120 1000 3182 ordine
1016 3121 1120 3181 forma
1130 3139 1148 3181 e
1158 3121 1295 3182 materie

223 3254 393 3317 erumpere
413 3239 445 3295 ct
465 3235 624 3315 paulatim
644 3233 750 3297 oculis
771 3256 805 3296 se
820 3234 991 3297 ostendero
1009 3235 1169 3312 videatur,
1187 3234 1296 3318 reipsa

225 3370 298 3430 quae
320 3350 464 3431 perfecta
484 3355 562 3411 sunt
579 3370 645 3411 non
664 3350 865 3433 imperfectis
880 3350 1124 3434 producuntur;
1141 3351 1296 3413 materies

224 3485 290 3527 non
305 3464 427 3527 moveri
438 3469 550 3547 posset
560 3464 622 3525 nisi
634 3465 758 3546 aliquid
774 3466 864 3549 prius
879 3466 1012 3529 daretur
1028 3465 1124 3548 cujus
1135 3466 1295 3550 perfectio

224 3587 334 3642 motus
367 3580 468 3662 hujus
501 3579 652 3642 redderet
685 3581 860 3657 rationem;
888 3582 987 3643 homo
1020 3603 1038 3645 e
1068 3601 1171 3665 puero
1204 3582 1292 3645 exire

222 3695 351 3758 videtur
363 3696 385 3770 ’,
403 3695 459 3758 sed
476 3695 517 3758 ab
533 3695 665 3757 homine
685 3717 767 3778 puer
780 3703 966 3780 generatur,
982 3698 1015 3760 in
1031 3719 1098 3780 quo
1113 3697 1228 3762 intima
1244 3706 1296 3761 est

221 3811 391 3874 crescendi
406 3812 455 3872 ris
470 3832 528 3895 per
544 3831 643 3894 quam
664 3811 705 3874 ad
721 3833 814 3876 suam
831 3813 969 3906 formam
990 3813 1131 3889 tendit³;
1144 3815 1222 3878 ·haec
1239 3815 1290 3878 vis

253 4017 551 4078 l.l1.r8,1033bao.

252 4091 276 4137 a.
290 4089 324 4136 Μ.
340 4106 356 4137 α
372 4092 396 4148 r,
410 4092 455 4137 aar
471 4102 487 4137 a
504 4093 542 4139 25.

255 4162 277 4208 3.
289 4160 322 4207 u.
341 4163 352 4215 r
374 4161 397 4219 r,
415 4160 475 4207 1032
491 4173 507 4208 a
526 4163 565 4210 aa.
