2858 4762
606 1659 753 1732 CAPUT
780 1661 827 1732 lV

443 2036 557 2081 numus
576 2036 730 2082 TERMINUS
749 2036 805 2082 EST
827 2039 982 2083 MATERIES

217 2287 364 2349 Primum
380 2288 597 2351 ratiocinandi
618 2311 725 2373 genus
745 2291 982 2364 consideretur,
999 2292 1088 2372 quod
1108 2293 1250 2354 maxime

176 2409 227 2463 est
245 2403 278 2464 in
298 2425 373 2480 usu,
396 2405 452 2467 ubi
472 2427 491 2468 a
512 2407 609 2468 simili
629 2406 772 2489 quadam
792 2428 826 2469 re
846 2407 887 2468 ad
908 2407 1047 2468 similem
1072 2408 1250 2489 quemdam

176 2539 244 2581 rem
266 2522 443 2598 transitum
460 2524 550 2586 verbi
566 2525 684 2606 gratia,
703 2525 729 2586 si
746 2530 856 2587 orator
874 2524 1131 2586 Atheniensibus
1151 2524 1250 2586 fidem

176 2635 285 2699 lucere
309 2639 420 2720 cupiet
440 2639 563 2702 malum
587 2641 656 2702 lore
677 2661 752 2703 cum
778 2641 944 2703 Thebanis
968 2639 1104 2717 bellum,
1126 2661 1143 2701 e
1164 2638 1250 2702 bello

165 2772 252 2832 cum
265 2753 493 2816 Phocensibus
509 2756 597 2816 lacto
613 2763 722 2818 sumet
736 2763 985 2838 argumentum
1000 2755 1147 2818 Thebani
1163 2755 1249 2816 enim

176 2873 209 2928 ct
228 2869 417 2930 Phocenses
436 2870 499 2930 hoc
519 2871 719 2932 conveniunt
740 2872 829 2952 quod
849 2872 979 2952 utrique
999 2870 1249 2932 Atheniensium

175 2990 255 3045 sunt
273 2983 402 3046 finitimi
416 2988 435 3047 ¹.
459 2984 522 3046 Sed
542 2985 725 3048 secundum
745 2987 961 3048 Aristotelem
974 2985 1055 3046 nihil
1076 2985 1209 3068 longius
1229 3006 1247 3046 a

175 3118 252 3160 vero
272 3106 305 3162 et
328 3101 586 3162 demonstrativo
611 3101 802 3184 syllogismo
823 3100 923 3162 distet
947 3099 1000 3181 (ad
1025 3099 1113 3181 quod
1138 3106 1247 3162 tamen

177 3214 379 3278 clarissimus
398 3221 519 3278 nostrae
544 3217 649 3278 aetetis
671 3215 888 3299 philosophus
913 3235 1044 3277 omnem
1064 3215 1247 3297 syllogismi

176 3328 314 3392 sormam
343 3330 564 3394 reducendam
592 3353 665 3394 esse
694 3331 903 3413 existimat2).
934 3331 1031 3413 Apud
1060 3330 1247 3412 exemplum
1314 3383 1317 3388 .

175 3444 261 3506 enim
278 3446 388 3508 nullus
404 3448 618 3510 terminorum
633 3448 728 3522 ordo;
745 3446 801 3528 qui
817 3447 923 3529 reipsa
939 3453 990 3508 est
1004 3445 1144 3518 medius
1163 3444 1249 3505 simi-

174 3557 313 3622 litudine
328 3563 423 3643 quasi
438 3564 640 3639 occultatum
658 3583 829 3643 nunquam
848 3562 930 3624 alter
944 3561 985 3623 ad
1005 3561 1144 3622 altorum
1160 3559 1248 3621 sicut

174 3693 251 3755 pars
272 3675 312 3737 ad
333 3682 440 3738 totum
459 3686 517 3742 aut
535 3685 643 3741 totum
657 3679 699 3741 ed
711 3685 838 3762 partem
854 3679 1029 3749 relectur³3
1047 3675 1104 3736 sed
1119 3695 1213 3735 mens
1228 3695 1245 3736 e

208 3916 228 3960 l.
245 3912 327 3968 lAn„
346 3910 377 3972 11,
394 3911 432 3972 24,
449 3913 477 3958 68
493 3911 510 3959 b
526 3915 554 3961 38
571 3926 631 3973 sqq.

205 3989 228 4033 2.
245 3983 284 4032 cf.
303 3981 418 4031 Herbert
440 3981 564 4043 Spencer,
588 3982 722 4046 Principes
745 3983 777 4031 de
793 3977 967 4043 ρεῃοήοἰοῃίε,
986 3977 1040 4026 vol.
1055 3976 1092 4039 ll,
1112 3981 1181 4039 part.
1200 3975 1244 4036 vl,

175 4067 232 4115 cop.
245 4067 336 4102 vnvm.

201 4128 223 4174 3.
240 4123 322 4186 nnec,
336 4124 355 4186 1,
372 4126 396 4186 2,
409 4126 468 4173 nm
485 4125 502 4173 n
518 4127 556 4173 ετ.
